<record><leader>00000cas a22000007a 4500</leader><controlfield tag="001">10153156</controlfield><controlfield tag="008">831122d187u18uutxuuu ne      0    0eng d</controlfield><datafield ind1=" " ind2=" " tag="010"><subfield code="a">sn 83021355 </subfield></datafield><datafield ind1=" " ind2=" " tag="040"><subfield code="a">NPX</subfield><subfield code="b">eng</subfield><subfield code="c">NPX</subfield><subfield code="d">OCLCQ</subfield></datafield><datafield ind1="0" ind2="4" tag="245"><subfield code="a">The Delta County record.</subfield></datafield><datafield ind1=" " ind2=" " tag="260"><subfield code="a">Cooper, Tex. :</subfield><subfield code="b">J.W. Area</subfield></datafield><datafield ind1=" " ind2=" " tag="300"><subfield code="a">v.</subfield></datafield><datafield ind1=" " ind2=" " tag="588"><subfield code="a">Description based on: Vol. 1, no. 49 (May 27, 1876).</subfield></datafield><datafield ind1=" " ind2=" " tag="752"><subfield code="a">United States</subfield><subfield code="b">Texas</subfield><subfield code="c">Delta</subfield><subfield code="d">Cooper.</subfield></datafield></record>